@article{Garcia16,
        title={Amplitude and size scaling for interchange motions of plasma filaments},
        author={ Kube, R.  and Garc√≠a, O. E. and Wiesenberger, M.},
        DOI={10.1063/1.4971220},
        journal={Physics of Plasmas},
        volume={23},
        number={12},
        year={2016},
        pages={122302},
        publisher={AIP}}

  @article{Johan17,
         title = {Statistical analysis of Hasegawa-Wakatani turbulence},
         author = {Anderson, J. and Hnat, B.},
         journal = {Physics of Plasmas},
         volume = {24},
         pages = {062301},
         numpages = {22},
         year = {2017},
         doi = {10.1063/1.4984985}
         }

 @article{Decristoforo21,
          title = {Numerical turbulence simulations of intermittent fluctuations in the scrape-off layer of magnetized plasmas},
          author = {Decristoforo, G. and Theodorsen, A. and Omotani, J. and Nicholas, T. and Garcia, O. E.},
          archivePrefix = {arXiv},
          eprint = {2102.04723},
          primaryClass = {physics.plasm-ph},
          year={2021}
          }
@phdthesis{Soren11,
        author={Korsholm, S. B. },
        title={Coherent structures and transport in drift wave plasma turbulence},
        year={2011},
        school={Danmarks Tekniske Universitet (DTU)}
        }
